@online{a,
	author = {{Kiernan, K.}},
	title = {Camera Obscura World},
	year = {2017},
	url = {http://www.donttakepictures.com/dtp-blog/2017/3/15/camera-obscura-world}
}

@book{b,
	author = {{Simon J. D. Prince}},
	title = {Computer Vision: Models, Learning, and Inference},
	year = {2012}
}

@online{c,
	author = {{Kapoor, S.}},
	title = {An Introduction to Epipolar Geometry},
	year = {2017},
	url = {https://www.sanyamkapoor.com/machine-learning/an-introduction-to-epipolar-geometry/}
}

@online{d,
	author = {{OpenMVG}},
	title = {Pinhole camera model},
	year = {2017},
	url = {https://openmvg.readthedocs.io/en/latest/openMVG/cameras/cameras/}
}

@online{e,
	author = {{OpenCV}},
	title = {Camera Calibration and 3D Reconstruction},
	year = {2019},
	url = {https://docs.opencv.org/2.4/modules/calib3d/doc/camera_calibration_and_3d_reconstruction.html}
}

@online{f,
	author = {{Fernandez, L., Avila, V. y Gon√ßalves, L.}},
	title = {A Generic Approach for Error Estimation of Depth Data from (Stereo and RGB-D) 3D Sensors},
	year = {2017},
	url = {https://www.researchgate.net/publication/326518096_A_Generic_Approach_for_Error_Estimation_of_Depth_Data_from_Stereo_and_RGB-D_3D_Sensors}
}